@comment{x-kbibtex-personnameformatting=<%l><, %f>}

@inproceedings{kleinberger2007ambient,
  title={Ambient intelligence in assisted living: enable elderly people to handle future interfaces},
  author={Kleinberger, Thomas and Becker, Martin and Ras, Eric and Holzinger, Andreas and M{\"u}ller, Paul},
  booktitle={International conference on universal access in human-computer interaction},
  pages={103--112},
  year={2007},
  organization={Springer}
}

@article{buoncompagni2017towards,
  title={Towards a new paradigm for assistive technology at home: research challenges, design issues and performance assessment},
  author={Buoncompagni, Luca and Bruno, Barbara and Giuni, Antonella and Mastrogiovanni, Fulvio and Zaccaria, Renato},
  journal={arXiv preprint arXiv:1710.10164},
  year={2017}
}

@inproceedings{bruno2014public,
  title={A public domain dataset for ADL recognition using wrist-placed accelerometers.},
  author={Bruno, Barbara and Mastrogiovanni, Fulvio and Sgorbissa, Antonio},
  booktitle={RO-MAN},
  pages={738--743},
  year={2014}
}

@article{aggarwal2011human,
  title={Human activity analysis: A review},
  author={Aggarwal, Jake K and Ryoo, Michael S},
  journal={ACM Computing Surveys (CSUR)},
  volume={43},
  number={3},
  pages={16},
  year={2011},
  publisher={ACM}
}

@inproceedings{bao2004activity,
  title={Activity recognition from user-annotated acceleration data},
  author={Bao, Ling and Intille, Stephen S},
  booktitle={International Conference on Pervasive Computing},
  pages={1--17},
  year={2004},
  organization={Springer}
}

@inproceedings{scalmato2012describing,
  title={Describing and classifying spatial and temporal contexts with owl dl in ubiquitous robotics},
  author={Scalmato, Antonello and Sgorbissa, Antonio and Zaccaria, Renato},
  booktitle={Robotics and Automation (ICRA), 2012 IEEE International Conference on},
  pages={237--244},
  year={2012},
  organization={IEEE}
}

@inproceedings{bruno2013analysis,
  title={Analysis of human behavior recognition algorithms based on acceleration data},
  author={Bruno, Barbara and Mastrogiovanni, Fulvio and Sgorbissa, Antonio and Vernazza, Tullio and Zaccaria, Renato},
  booktitle={Robotics and Automation (ICRA), 2013 IEEE International Conference on},
  pages={1602--1607},
  year={2013},
  organization={IEEE}
}

@article{Multidisciplinary,
    title = "Multidisciplinary studies of illness in aged persons: II. A new classification of functional status in activities of daily living",
    journal = "Journal of Chronic Diseases",
    volume = "9",
    number = "1",
    pages = "55 - 62",
    year = "1959",
    issn = "0021-9681",
    doi = "https://doi.org/10.1016/0021-9681(59)90137-7",
    url = "http://www.sciencedirect.com/science/article/pii/0021968159901377",
    author = " The Staff of the Benjamin Rose Hospital"
}

@article{lawton1970assessment,
  title={Assessment of older people: self-maintaining and instrumental activities of daily living},
  author={Lawton, M Powell and BRODY, ELMNE M},
  journal={Nursing Research},
  volume={19},
  number={3},
  pages={278},
  year={1970},
  publisher={LWW}
}